@inproceedings{toledo2016expert,
  title={Expert stance graphs for computational argumentation},
  author={Toledo-Ronen, Orith and Bar-Haim, Roy and Slonim, Noam},
  booktitle={Proceedings of the Third Workshop on Argument Mining (ArgMining2016)},
  pages={119--123},
  year={2016}
}